@online{CNCFFounding,
    title={New Cloud Native Computing Foundation to drive alignment among container technologies},
    url={https://www.cncf.io/announcements/2015/06/21/new-cloud-native-computing-foundation-to-drive-alignment-among-container-technologies/},
    organization={Cloud Native Computing Foundation},
    urldate={2021-03-20}
}
@online{CNCFLandscape,
    title={CNCF Cloud Native Interactive Landscape},
    url={https://landscape.cncf.io/},
    organization={Cloud Native Computing Foundation},
    urldate={2021-03-20}
}
@online{CNCFAnnualReport2019,
    title={CNCF Annual Report 2019},
    url={https://www.cncf.io/cncf-annual-report-2019/},
    organization={Cloud Native Computing Foundation},
    urldate={2021-03-20}
}
@online{U2Kubernetes,
    title={In a First for the DoD, Kubernetes Installed on U-2 Dragon Lady},
    url={https://www.aviationtoday.com/2020/10/09/first-dod-kubernetes-installed-u-2-dragon-lady/},
    organization={Aviation Today},
    author={Kelsey Reichmann},
    urldate={2021-03-20}
}