@online{STATISTA,
    title={Number of flights performed by the global airline industry from 2004 to 2021},
    url={https://www.statista.com/statistics/564769/airline-industry-number-of-flights/},
    year={2021},
    organization={Statista},
    urldate={2021-04-03}
}
@inproceedings{prisaznuk1992integrated,
  title={Integrated modular avionics},
  author={Prisaznuk, Paul J},
  booktitle={Proceedings of the IEEE 1992 National Aerospace and Electronics Conference@ m\_NAECON 1992},
  pages={39--45},
  year={1992},
  organization={IEEE}
}
@inproceedings{watkins2007transitioning,
  title={Transitioning from federated avionics architectures to integrated modular avionics},
  author={Watkins, Christopher B and Walter, Randy},
  booktitle={2007 IEEE/AIAA 26th Digital Avionics Systems Conference},
  pages={2--A},
  year={2007},
  organization={IEEE}
}
@inproceedings{li2012avionics,
  title={Avionics clouds: A generic scheme for future avionics systems},
  author={Li, Zheng and Li, Qiao and Xiong, Huagang},
  booktitle={2012 IEEE/AIAA 31st Digital Avionics Systems Conference (DASC)},
  pages={6E4--1},
  year={2012},
  organization={IEEE}
}
@inproceedings{han2012kernel,
  title={Kernel-level ARINC 653 partitioning for Linux},
  author={Han, Sanghyun and Jin, Hyun-Wook},
  booktitle={Proceedings of the 27th Annual ACM Symposium on Applied Computing},
  pages={1632--1637},
  year={2012}
}